<record><leader>00000cas a2200000 a 4500</leader><controlfield tag="001">43373171</controlfield><controlfield tag="008">000131d19uu1974cauwr ne      0    0eng c</controlfield><datafield ind1=" " ind2=" " tag="010"><subfield code="a">sn 99060988 </subfield></datafield><datafield ind1=" " ind2=" " tag="040"><subfield code="a">CNK</subfield><subfield code="b">eng</subfield><subfield code="c">CNK</subfield><subfield code="d">OCLCQ</subfield><subfield code="d">OCLCF</subfield><subfield code="d">OCLCO</subfield></datafield><datafield ind1="1" ind2=" " tag="029"><subfield code="a">AU@</subfield><subfield code="b">000021315977</subfield></datafield><datafield ind1=" " ind2=" " tag="042"><subfield code="a">pcc</subfield></datafield><datafield ind1=" " ind2=" " tag="043"><subfield code="a">n-us-ca</subfield></datafield><datafield ind1="0" ind2=" " tag="130"><subfield code="a">Norco pony express (Norco, Calif. : 1973)</subfield></datafield><datafield ind1="1" ind2="0" tag="245"><subfield code="a">Norco pony express.</subfield></datafield><datafield ind1="3" ind2="0" tag="246"><subfield code="a">Pony express</subfield></datafield><datafield ind1=" " ind2=" " tag="260"><subfield code="a">Norco, CA :</subfield><subfield code="b">Duffy McLoughlin</subfield></datafield><datafield ind1=" " ind2=" " tag="300"><subfield code="a">v.</subfield></datafield><datafield ind1=" " ind2=" " tag="310"><subfield code="a">Weekly</subfield></datafield><datafield ind1="0" ind2=" " tag="362"><subfield code="a">-v. 11, no. 69 (May 2, 1974).</subfield></datafield><datafield ind1=" " ind2=" " tag="588"><subfield code="a">Description based on: Vol. 11, no. 1 (Jan. 10, 1973).</subfield></datafield><datafield ind1=" " ind2="0" tag="651"><subfield code="a">Norco (Calif.)</subfield><subfield code="v">Newspapers.</subfield></datafield><datafield ind1=" " ind2="7" tag="655"><subfield code="a">Newspapers.</subfield><subfield code="2">fast</subfield><subfield code="0">(OCoLC)fst01423814</subfield></datafield><datafield ind1=" " ind2="7" tag="651"><subfield code="a">California</subfield><subfield code="z">Norco.</subfield><subfield code="2">fast</subfield><subfield code="0">(OCoLC)fst01219033</subfield></datafield><datafield ind1=" " ind2=" " tag="752"><subfield code="a">United States</subfield><subfield code="b">California</subfield><subfield code="c">Riverside</subfield><subfield code="d">Norco.</subfield></datafield><datafield ind1="0" ind2="0" tag="785"><subfield code="t">Pony express (Norco, Calif.)</subfield><subfield code="w">(DLC)sn 99060989</subfield></datafield></record>